<record><leader>00000cas a22000007a 4500</leader><controlfield tag="001">35187658</controlfield><controlfield tag="008">960805c19959999mauwr n       0    0eng d</controlfield><datafield ind1=" " ind2=" " tag="010"><subfield code="a">sn 96076005 </subfield></datafield><datafield ind1=" " ind2=" " tag="040"><subfield code="a">MGN</subfield><subfield code="b">eng</subfield><subfield code="c">MGN</subfield><subfield code="d">OCLCQ</subfield></datafield><datafield ind1=" " ind2=" " tag="042"><subfield code="a">msc</subfield></datafield><datafield ind1="0" ind2=" " tag="130"><subfield code="a">Sun (Framingham, Mass.)</subfield></datafield><datafield ind1="1" ind2="4" tag="245"><subfield code="a">The Sun.</subfield></datafield><datafield ind1="1" ind2="0" tag="246"><subfield code="a">Hudson sun</subfield></datafield><datafield ind1=" " ind2=" " tag="260"><subfield code="a">Framingham, MA :</subfield><subfield code="b">Middlesex Community Newspapers</subfield></datafield><datafield ind1=" " ind2=" " tag="300"><subfield code="a">v.</subfield></datafield><datafield ind1=" " ind2=" " tag="310"><subfield code="a">Weekly</subfield></datafield><datafield ind1="0" ind2=" " tag="362"><subfield code="a">Vol. 1, no. 1 (Sept. 14, 1995)-</subfield></datafield><datafield ind1=" " ind2=" " tag="500"><subfield code="a">At head of title: Hudson.</subfield></datafield><datafield ind1=" " ind2=" " tag="752"><subfield code="a">United States</subfield><subfield code="b">Massachusetts</subfield><subfield code="c">Middlesex</subfield><subfield code="d">Framingham.</subfield></datafield><datafield ind1=" " ind2=" " tag="752"><subfield code="a">United States</subfield><subfield code="b">Massachusetts</subfield><subfield code="c">Middlesex</subfield><subfield code="d">Hudson.</subfield></datafield><datafield ind1="0" ind2="1" tag="780"><subfield code="t">Marlborough &amp; Hudson enterprise sun</subfield><subfield code="w">(DLC)sn 96076003</subfield></datafield></record>